<marcxml:record xmlns:marcxml="http://www.loc.gov/MARC21/slim" xmlns:idx="info:lc/xq-modules/lcindex" xmlns:madsrdf="http://www.loc.gov/mads/rdf/v1#" xmlns:ri="http://id.loc.gov/ontologies/RecordInfo#" xmlns:xlink="http://www.w3.org/1999/xlink" xmlns:rdf="http://www.w3.org/1999/02/22-rdf-syntax-ns#" xmlns:mets="http://www.loc.gov/METS/" xmlns:semtriples="http://marklogic.com/semantic" xmlns:xsi="http://www.w3.org/2001/XMLSchema-instance" xmlns:streams="info:lc/streams#">
            <marcxml:leader>00876cz  a2200181n  4500</marcxml:leader>
            <marcxml:controlfield tag="001">sh2005000763</marcxml:controlfield>
            <marcxml:controlfield tag="003">DLC</marcxml:controlfield>
            <marcxml:controlfield tag="005">20090509080000.0</marcxml:controlfield>
            <marcxml:controlfield tag="008">050323|| anannbabn          |a ana     c</marcxml:controlfield>
            <marcxml:datafield tag="010" ind1=" " ind2=" ">
              <marcxml:subfield code="a">sh2005000763</marcxml:subfield>
            </marcxml:datafield>
            <marcxml:datafield tag="040" ind1=" " ind2=" ">
              <marcxml:subfield code="a">Uk</marcxml:subfield>
              <marcxml:subfield code="b">eng</marcxml:subfield>
              <marcxml:subfield code="c">DLC</marcxml:subfield>
              <marcxml:subfield code="d">DLC</marcxml:subfield>
            </marcxml:datafield>
            <marcxml:datafield tag="110" ind1="2" ind2=" ">
              <marcxml:subfield code="a">Canons Ashby (England : Manor)</marcxml:subfield>
            </marcxml:datafield>
            <marcxml:datafield tag="410" ind1="2" ind2=" ">
              <marcxml:subfield code="w">nne</marcxml:subfield>
              <marcxml:subfield code="a">Canons Ashby (England)</marcxml:subfield>
            </marcxml:datafield>
            <marcxml:datafield tag="550" ind1=" " ind2=" ">
              <marcxml:subfield code="w">g</marcxml:subfield>
              <marcxml:subfield code="a">Manors</marcxml:subfield>
              <marcxml:subfield code="z">England</marcxml:subfield>
            </marcxml:datafield>
            <marcxml:datafield tag="670" ind1=" " ind2=" ">
              <marcxml:subfield code="a">Work cat.: Jackson-Stops, G. Canons Ashby, 1984:</marcxml:subfield>
              <marcxml:subfield code="b">t.p. (Canons Ashby, Northamptonshire) verso t.p. (lies 14 miles SW of Northampton) p. 4 (the home of the Dryden family, now owned by the National Trust)</marcxml:subfield>
            </marcxml:datafield>
            <marcxml:datafield tag="670" ind1=" " ind2=" ">
              <marcxml:subfield code="a">National Trust WWW Site, 3 Feb. 2005:</marcxml:subfield>
              <marcxml:subfield code="b">Canons Ashby page (Canons Ashby, the home of the Dryden family)</marcxml:subfield>
            </marcxml:datafield>
            <marcxml:datafield tag="670" ind1=" " ind2=" ">
              <marcxml:subfield code="a">Canons Ashby, 2001:</marcxml:subfield>
              <marcxml:subfield code="b">p. 2 (Canons Ashby, a country house in Northamptonshire)</marcxml:subfield>
            </marcxml:datafield>
            <marcxml:datafield tag="670" ind1=" " ind2=" ">
              <marcxml:subfield code="a">Ordnance Survey, Apr. 15, 2009</marcxml:subfield>
              <marcxml:subfield code="b">(separate entities: PPL Canons Ashby; Manor Canons Ashby)</marcxml:subfield>
            </marcxml:datafield>
          </marcxml:record>
